@article{Weiqin:ShadowAttack,
    author  = {Weiqin Ma and Pu Duan and Sanmin Liu and Guofei Gu and Jyh-Charn Liu},
    title   = {{Shadow attacks: automatically evading system-call-behavior based malware detection}},
    journal = {Journal in Computer Virology and Hacking Techniques},
    volume  = {8},
    year    = 2012,
    pages   = {1--13},
}

@article{chakkaravarthy2019survey,
  title={A survey on malware analysis and mitigation techniques},
  author={Chakkaravarthy, S Sibi and Sangeetha, D and Vaidehi, V},
  journal={Computer Science Review},
  volume={32},
  pages={1--23},
  year={2019},
  publisher={Elsevier}
}

@misc{VirusTot28:online,
  author = {Google},
  title = {VirusTotal},
  howpublished = {\url{https://www.virustotal.com}},
}

@article{willems2007toward,
  title={Toward automated dynamic malware analysis using cwsandbox},
  author={Willems, Carsten and Holz, Thorsten and Freiling, Felix},
  journal={IEEE Security \& Privacy},
  volume={5},
  number={2},
  pages={32--39},
  year={2007},
  publisher={IEEE}
}

@article{alashjee2019dynamic,
  title={Dynamic Taint Analysis Tools: A Review.},
  author={Alashjee, Abdullah Mujawib and Duraibi, Salahaldeen and Song, Jia},
  journal={International Journal of Computer Science and Security (IJCSS)},
  volume={13},
  number={6},
  pages={231--244},
  year={2019},
  publisher={Computer Science Journals}
}

@inproceedings{chen2021selectivetaint,
  title={$\{$SelectiveTaint$\}$: Efficient Data Flow Tracking With Static Binary Rewriting},
  author={Chen, Sanchuan and Lin, Zhiqiang and Zhang, Yinqian},
  booktitle={30th USENIX Security Symposium (USENIX Security 21)},
  pages={1665--1682},
  year={2021}
}

@inproceedings{inproceedings,
  author = {Kolbitsch, Clemens and Comparetti, Paolo and Kruegel, Christopher and Kirda, Engin and Zhou, Xiao-yong and Wang, Xiaofeng},
  year = {2009},
  month = {01},
  pages = {351-366},
  title = {Effective and Efficient Malware Detection at the End Host.},
  journal = {USENIX Security Symposium}
}

@misc{Envoypro3:online,
  title = {Envoy proxy - home},
  howpublished = {\url{https://www.envoyproxy.io/}},
}

@misc{HAProxyT74:online,
  title = {HAProxy - The Reliable, High Perf. TCP/HTTP Load Balancer},
  howpublished = {\url{https://www.haproxy.org/}},
}

@inproceedings{mccanne1993bsd,
  title={The BSD Packet Filter: A New Architecture for User-level Packet Capture.},
  author={McCanne, Steven and Jacobson, Van},
  booktitle={USENIX winter},
  volume={46},
  pages={259--270},
  year={1993}
}

@misc{LinuxSoc8:online,
  author = {},
  title = {Linux Socket Filtering aka Berkeley Packet Filter (BPF) — The Linux Kernel documentation},
  howpublished = {\url{https://docs.kernel.org/networking/filter.html}},
  month = {},
  year = {},
  note = {(Accessed on 11/05/2023)}
}

@misc{Linux31836:online,
  author = {},
  title = {Linux\_3.18 - Linux Kernel Newbies},
  howpublished = {\url{https://kernelnewbies.org/Linux_3.18}},
  month = {},
  year = {},
  note = {(Accessed on 11/05/2023)}
}

@misc{learning-ebpf,
  author = {Liz Rice},
  title = {Learning eBPF},
  howpublished = {O'Reilly},
  month = {March},
  year = {2023},
}

@misc{WhatiseB29:online,
  author = {},
  title = {What is eBPF? An Introduction and Deep Dive into the eBPF Technology},
  howpublished = {\url{https://ebpf.io/what-is-ebpf/}},
  month = {},
  year = {},
  note = {(Accessed on 11/05/2023)}
}

@inproceedings{vishwanathan2023verifying,
  title={Verifying the Verifier: eBPF Range Analysis Verification},
  author={Vishwanathan, Harishankar and Shachnai, Matan and Narayana, Srinivas and Nagarakatte, Santosh},
  booktitle={International Conference on Computer Aided Verification},
  pages={226--251},
  year={2023},
  organization={Springer}
}

@inproceedings{chen2011linux,
  title={Linux kernel vulnerabilities: State-of-the-art defenses and open problems},
  author={Chen, Haogang and Mao, Yandong and Wang, Xi and Zhou, Dong and Zeldovich, Nickolai and Kaashoek, M Frans},
  booktitle={Proceedings of the Second Asia-Pacific Workshop on Systems},
  pages={1--5},
  year={2011}
}

@article{mayer2021performance,
  title={Performance monitoring with hˆ2: Hybrid kernel/ebpf data plane for srv6 based hybrid sdn},
  author={Mayer, Andrea and Loreti, Pierpaolo and Bracciale, Lorenzo and Lungaroni, Paolo and Salsano, Stefano and Filsfils, Clarence},
  journal={Computer Networks},
  volume={185},
  pages={107705},
  year={2021},
  publisher={Elsevier}
}

@misc{LinuxSec95:online,
author = {The Linux Kernel Archive},
title = {Linux Security Module Usage — The Linux Kernel documentation},
howpublished = {\url{https://www.kernel.org/doc/html/v4.16/admin-guide/LSM/index.html}},
month = {},
year = {},
note = {(Accessed on 11/05/2023)}
}

@misc{LinuxSec12:online,
  author = {},
  title = {Linux Security Modules (Part 1)},
  howpublished = {\url{https://thibaut.sautereau.fr/2017/05/26/linux-security-modules-part-1/}},
  month = {},
  year = {},
  note = {(Accessed on 11/05/2023)}
}

@inproceedings{rivera2020leveraging,
  title={Leveraging eBPF to preserve user privacy for DNS, DoT, and DoH queries},
  author={Rivera, Sean and Gurbani, Vijay K and Lagraa, Sofiane and Iannillo, Antonio Ken and State, Radu},
  booktitle={Proceedings of the 15th International Conference on Availability, Reliability and Security},
  pages={1--10},
  year={2020}
}

@article{jia2023programmable,
  title={Programmable System Call Security with eBPF},
  author={Jia, Jinghao and Zhu, YiFei and Williams, Dan and Arcangeli, Andrea and Canella, Claudio and Franke, Hubertus and Feldman-Fitzthum, Tobin and Skarlatos, Dimitrios and Gruss, Daniel and Xu, Tianyin},
  journal={arXiv preprint arXiv:2302.10366},
  year={2023}
}

@misc{TheSecco46:online,
  author = { Christian Brauner},
  title = {The Seccomp Notifier - New Frontiers in Unprivileged Container Development | Personal blog of Christian Brauner},
  howpublished = {\url{https://brauner.io/2020/07/23/seccomp-notify.html}},
  month = {July},
  year = {2020},
}

@misc{Seccomps57:online,
  author = {},
  title = {Seccomp security profiles for Docker | Docker Docs},
  howpublished = {\url{https://docs.docker.com/engine/security/seccomp/}},
  month = {},
  year = {},
}

@misc{Configur55:online,
  author = {Kubernetes Documentation},
  title = {Configure a Security Context for a Pod or Container | Kubernetes},
  howpublished = {\url{https://kubernetes.io/docs/tasks/configure-pod-container/security-context/}},
  month = {July},
  year = {2019},
}

@misc{CiliumCl38:online,
  author = {},
  title = {Cilium - Cloud Native, eBPF-based Networking, Observability, and Security},
  howpublished = {\url{https://cilium.io/}},
  month = {},
  year = {},
}

@inproceedings{tian2019lbm,
  title={Lbm: A security framework for peripherals within the linux kernel},
  author={Tian, Dave Jing and Hernandez, Grant and Choi, Joseph I and Frost, Vanessa and Johnson, Peter C and Butler, Kevin RB},
  booktitle={2019 IEEE Symposium on Security and Privacy (SP)},
  pages={967--984},
  year={2019},
  organization={IEEE}
}

@inproceedings{tian2016making,
  title={Making $\{$USB$\}$ Great Again with $\{$USBFILTER$\}$},
  author={Tian, Dave Jing and Scaife, Nolen and Bates, Adam and Butler, Kevin and Traynor, Patrick},
  booktitle={25th USENIX Security Symposium (USENIX Security 16)},
  pages={415--430},
  year={2016}
}
@misc{BlueBorn43:online,
  author = {},
  title = {BlueBorne | Armis},
  howpublished = {\url{https://www.armis.com/research/blueborne/}},
}
